@Manual{R-base,
  title = {R: A Language and Environment for Statistical Computing},
  author = {{R Core Team}},
  organization = {R Foundation for Statistical Computing},
  address = {Vienna, Austria},
  year = {2024},
  url = {https://www.R-project.org/},
}

@Manual{R-dplyr,
  title = {dplyr: A Grammar of Data Manipulation},
  author = {Hadley Wickham and Romain François and Lionel Henry and Kirill Müller and Davis Vaughan},
  year = {2023},
  note = {R package version 1.1.4},
  url = {https://dplyr.tidyverse.org},
}

@Manual{R-GGally,
  title = {GGally: Extension to ggplot2},
  author = {Barret Schloerke and Di Cook and Joseph Larmarange and Francois Briatte and Moritz Marbach and Edwin Thoen and Amos Elberg and Jason Crowley},
  year = {2024},
  note = {R package version 2.2.1},
  url = {https://ggobi.github.io/ggally/},
}

@Manual{R-ggplot2,
  title = {ggplot2: Create Elegant Data Visualisations Using the Grammar of Graphics},
  author = {Hadley Wickham and Winston Chang and Lionel Henry and Thomas Lin Pedersen and Kohske Takahashi and Claus Wilke and Kara Woo and Hiroaki Yutani and Dewey Dunnington and Teun {van den Brand}},
  year = {2024},
  note = {R package version 3.5.1},
  url = {https://ggplot2.tidyverse.org},
}

@Manual{R-ggpubr,
  title = {ggpubr: ggplot2 Based Publication Ready Plots},
  author = {Alboukadel Kassambara},
  year = {2023},
  note = {R package version 0.6.0},
  url = {https://rpkgs.datanovia.com/ggpubr/},
}

@Manual{R-gt,
  title = {gt: Easily Create Presentation-Ready Display Tables},
  author = {Richard Iannone and Joe Cheng and Barret Schloerke and Ellis Hughes and Alexandra Lauer and JooYoung Seo and Ken Brevoort and Olivier Roy},
  year = {2024},
  note = {R package version 0.11.1},
  url = {https://gt.rstudio.com},
}

@Manual{R-gtExtras,
  title = {gtExtras: Extending gt for Beautiful HTML Tables},
  author = {Thomas Mock},
  year = {2024},
  note = {R package version 0.5.0.9005},
  url = {https://github.com/jthomasmock/gtExtras},
}

@Manual{R-patchwork,
  title = {patchwork: The Composer of Plots},
  author = {Thomas Lin Pedersen},
  year = {2024},
  note = {R package version 1.3.0},
  url = {https://patchwork.data-imaginist.com},
}

@Manual{R-plotly,
  title = {plotly: Create Interactive Web Graphics via plotly.js},
  author = {Carson Sievert and Chris Parmer and Toby Hocking and Scott Chamberlain and Karthik Ram and Marianne Corvellec and Pedro Despouy},
  year = {2024},
  note = {R package version 4.10.4},
  url = {https://plotly-r.com},
}

@Manual{R-vcd,
  title = {vcd: Visualizing Categorical Data},
  author = {David Meyer and Achim Zeileis and Kurt Hornik and Michael Friendly},
  year = {2023},
  note = {R package version 1.4-12},
  url = {https://CRAN.R-project.org/package=vcd},
}

@Book{ggplot22016,
  author = {Hadley Wickham},
  title = {ggplot2: Elegant Graphics for Data Analysis},
  publisher = {Springer-Verlag New York},
  year = {2016},
  isbn = {978-3-319-24277-4},
  url = {https://ggplot2.tidyverse.org},
}

@Book{plotly2020,
  author = {Carson Sievert},
  title = {Interactive Web-Based Data Visualization with R, plotly, and shiny},
  publisher = {Chapman and Hall/CRC},
  year = {2020},
  isbn = {9781138331457},
  url = {https://plotly-r.com},
}

@Article{vcd2006,
  title = {The Strucplot Framework: Visualizing Multi-Way Contingency Tables with vcd},
  author = {David Meyer and Achim Zeileis and Kurt Hornik},
  journal = {Journal of Statistical Software},
  year = {2006},
  volume = {17},
  number = {3},
  pages = {1--48},
  doi = {10.18637/jss.v017.i03},
}

@Article{vcd2007,
  title = {Residual-based Shadings for Visualizing (Conditional) Independence},
  author = {Achim Zeileis and David Meyer and Kurt Hornik},
  journal = {Journal of Computational and Graphical Statistics},
  year = {2007},
  volume = {16},
  number = {3},
  pages = {507--525},
  doi = {10.1198/106186007X237856},
}

