@Article{Shulman_2018,
  title = {The Pregnancy Risk Assessment Monitoring System (PRAMS): Overview of Design and Methodology},
  volume = {108},
  issn = {1541-0048},
  url = {http://dx.doi.org/10.2105/AJPH.2018.304563},
  doi = {10.2105/ajph.2018.304563},
  number = {10},
  journal = {American Journal of Public Health},
  publisher = {American Public Health Association},
  author = {Holly B. Shulman and Denise V. D{\textquoteright}Angelo and Leslie Harrison and Ruben A. Smith and Lee Warner},
  year = {2018},
  month = {oct},
  pages = {1305â€“1313},
}
