@Manual{R-base,
  title = {R: A Language and Environment for Statistical Computing},
  author = {{R Core Team}},
  organization = {R Foundation for Statistical Computing},
  address = {Vienna, Austria},
  year = {2025},
  url = {https://www.R-project.org/},
}

@Manual{R-dplyr,
  title = {dplyr: A Grammar of Data Manipulation},
  author = {Hadley Wickham and Romain François and Lionel Henry and Kirill Müller and Davis Vaughan},
  year = {2023},
  note = {R package version 1.1.4},
  url = {https://dplyr.tidyverse.org},
}

@Manual{R-haven,
  title = {haven: Import and Export SPSS, Stata and SAS Files},
  author = {Hadley Wickham and Evan Miller and Danny Smith},
  year = {2023},
  note = {R package version 2.5.4},
  url = {https://haven.tidyverse.org},
}

@Manual{R-knitcitations,
  title = {knitcitations: Citations for Knitr Markdown Files},
  author = {Carl Boettiger},
  year = {2021},
  note = {R package version 1.0.12},
  url = {https://github.com/cboettig/knitcitations},
}

@Manual{R-Matrix,
  title = {Matrix: Sparse and Dense Matrix Classes and Methods},
  author = {Douglas Bates and Martin Maechler and Mikael Jagan},
  year = {2024},
  note = {R package version 1.7-1},
  url = {https://Matrix.R-forge.R-project.org},
}

@Manual{R-survey,
  title = {survey: Analysis of Complex Survey Samples},
  author = {Thomas Lumley and Peter Gao and Ben Schneider},
  year = {2024},
  note = {R package version 4.4-2},
  url = {http://r-survey.r-forge.r-project.org/survey/},
}

@Manual{R-survival,
  title = {survival: Survival Analysis},
  author = {Terry M Therneau},
  year = {2024},
  note = {R package version 3.5-8},
  url = {https://github.com/therneau/survival},
}

@Article{survey2004,
  year = {2004},
  author = {Thomas Lumley},
  title = {Analysis of Complex Survey Samples},
  journal = {Journal of Statistical Software},
  volume = {9},
  number = {1},
  pages = {1-19},
  note = {R package verson 2.2},
}

@Book{survey2010,
  year = {2010},
  author = {Thomas Lumley},
  title = {Complex Surveys: A Guide to Analysis Using R: A Guide to Analysis Using R},
  publisher = {John Wiley and Sons},
}

@Book{survival-book,
  title = {Modeling Survival Data: Extending the {C}ox Model},
  author = {{Terry M. Therneau} and {Patricia M. Grambsch}},
  year = {2000},
  publisher = {Springer},
  address = {New York},
  isbn = {0-387-98784-3},
}

